@book{russell2016artificial,
    title={Artificial Intelligence: A Modern Approach},
    author={Russell, Stuart J and Norvig, Peter},
    year={2016},
    publisher={Pearson Education Limited},
    edition={3rd}
}

@book{piaget1977equilibration,
    title={The Development of Thought: Equilibration of Cognitive Structures},
    author={Piaget, Jean},
    year={1977},
    publisher={Viking Press}
}

@book{bruner1960process,
    title={The Process of Education},
    author={Bruner, Jerome S},
    year={1960},
    publisher={Harvard University Press}
}

@book{kirkpatrick1994evaluating,
    title={Evaluating Training Programs: The Four Levels},
    author={Kirkpatrick, Donald L},
    year={1994},
    publisher={Berrett-Koehler Publishers}
}

@article{goodfellow2016deep,
    title={Deep Learning},
    author={Goodfellow, Ian and Bengio, Yoshua and Courville, Aaron},
    year={2016},
    publisher={MIT Press}
}

@inproceedings{vaswani2017attention,
    title={Attention is All You Need},
    author={Vaswani, Ashish and Shazeer, Noam and Parmar, Niki and Uszkoreit, Jakob and Jones, Llion and Gomez, Aidan N and Kaiser, {\L}ukasz and Polosukhin, Illia},
    booktitle={Advances in Neural Information Processing Systems},
    pages={5998--6008},
    year={2017}
}

@article{lecun2015deep,
    title={Deep Learning},
    author={LeCun, Yann and Bengio, Yoshua and Hinton, Geoffrey},
    journal={Nature},
    volume={521},
    number={7553},
    pages={436--444},
    year={2015},
    publisher={Nature Publishing Group}
}

@article{jordan2015machine,
    title={Machine Learning: Trends, Perspectives, and Prospects},
    author={Jordan, Michael I and Mitchell, Tom M},
    journal={Science},
    volume={349},
    number={6245},
    pages={255--260},
    year={2015},
    publisher={American Association for the Advancement of Science}
}

@inproceedings{ribeiro2016should,
    title={"Why Should I Trust You?" Explaining the Predictions of Any Classifier},
    author={Ribeiro, Marco Tulio and Singh, Sameer and Guestrin, Carlos},
    booktitle={Proceedings of the 22nd ACM SIGKDD International Conference on Knowledge Discovery and Data Mining},
    pages={1135--1144},
    year={2016}
}

@inproceedings{lundberg2017unified,
    title={A Unified Approach to Interpreting Model Predictions},
    author={Lundberg, Scott M and Lee, Su-In},
    booktitle={Advances in Neural Information Processing Systems},
    pages={4765--4774},
    year={2017}
}

@article{barocas2016big,
    title={Big Data's Disparate Impact},
    author={Barocas, Solon and Selbst, Andrew D},
    journal={California Law Review},
    volume={104},
    pages={671},
    year={2016},
    publisher={HeinOnline}
}

@article{larson2016fair,
    title={Fair Learning in Electronic Discovery},
    author={Larson, Jeff and Mattu, Surya and Kirchner, Lauren and Angwin, Julia},
    journal={Machine Learning and the Law, Northeastern University Law Review},
    year={2016}
}

@book{o2016weapons,
    title={Weapons of Math Destruction: How Big Data Increases Inequality and Threatens Democracy},
    author={O'Neil, Cathy},
    year={2016},
    publisher={Crown Publishing Group}
}

@article{holstein2019improving,
    title={Improving Fairness in Machine Learning Systems: What Do Industry Practitioners Need?},
    author={Holstein, Kenneth and Wortman Vaughan, Jennifer and Daum{\'e} III, Hal and Dudik, Miro and Wallach, Hanna},
    booktitle={Proceedings of the 2019 CHI Conference on Human Factors in Computing Systems},
    pages={1--16},
    year={2019}
}

@article{zhang2021survey,
    title={A Survey on Explainable Artificial Intelligence (XAI): Toward Medical XAI},
    author={Zhang, Yijiang and Weng, Yao and Lund, Jonathan},
    journal={IEEE Transactions on Neural Networks and Learning Systems},
    volume={32},
    number={11},
    pages={4793--4813},
    year={2021},
    publisher={IEEE}
}

@article{brown2020language,
    title={Language Models are Few-Shot Learners},
    author={Brown, Tom and Mann, Benjamin and Ryder, Nick and Subbiah, Melanie and Kaplan, Jared D and Dhariwal, Prafulla and Neelakantan, Arvind and Shyam, Pranav and Sastry, Girish and Askell, Amanda and others},
    journal={Advances in Neural Information Processing Systems},
    volume={33},
    pages={1877--1901},
    year={2020}
}

@article{radford2019language,
    title={Language Models are Unsupervised Multitask Learners},
    author={Radford, Alec and Wu, Jeffrey and Child, Rewon and Luan, David and Amodei, Dario and Sutskever, Ilya},
    journal={OpenAI blog},
    volume={1},
    number={8},
    pages={9},
    year={2019}
}

@inproceedings{devlin2018bert,
    title={BERT: Pre-training of Deep Bidirectional Transformers for Language Understanding},
    author={Devlin, Jacob and Chang, Ming-Wei and Lee, Kenton and Toutanova, Kristina},
    booktitle={Proceedings of the 2019 Conference of the North American Chapter of the Association for Computational Linguistics: Human Language Technologies},
    pages={4171--4186},
    year={2019}
}

@article{scikit-learn,
    title={Scikit-learn: Machine Learning in {P}ython},
    author={Pedregosa, F. and Varoquaux, G. and Gramfort, A. and Michel, V.
            and Thirion, B. and Grisel, O. and Blondel, M. and Prettenhofer, P.
            and Weiss, R. and Dubourg, V. and Vanderplas, J. and Passos, A. and
            Cournapeau, D. and Brucher, M. and Perrot, M. and Duchesnay, E.},
    journal={Journal of Machine Learning Research},
    volume={12},
    pages={2825--2830},
    year={2011}
}

@inproceedings{pytorch,
    title={PyTorch: An Imperative Style, High-Performance Deep Learning Library},
    author={Paszke, Adam and Gross, Sam and Massa, Francisco and Lerer, Adam and Bradbury, James and Chanan, Gregory and Killeen, Trevor and Lin, Zeming and Gimelshein, Natalia and Antiga, Luca and others},
    booktitle={Advances in Neural Information Processing Systems},
    pages={8024--8035},
    year={2019}
}

@article{jupyter,
    title={Jupyter Notebooksâ€”a Publishing Format for Reproducible Computational Workflows},
    author={Kluyver, Thomas and Ragan-Kelley, Benjamin and P{\'e}rez, Fernando and Granger, Brian E and Bussonnier, Matthias and Frederic, Jonathan and Kelley, Kyle and Hamrick, Jessica B and Grout, Jason and Corlay, Sylvain and others},
    booktitle={Positioning and Power in Academic Publishing: Players, Agents and Agendas},
    pages={87--90},
    year={2016},
    publisher={IOS Press}
}